@misc{ wiki:xxx,
       author = "Wikipedia",
       title = "Front-end y back-end --- Wikipedia{,} La enciclopedia libre",
       year = "2015",
       url = "http://es.wikipedia.org/w/index.php?title=Front-end_y_back-end&oldid=82186853",
       note = "[Internet; descargado 2-junio-2015]"
}

@misc{ 
       author = "Angular",
       title = "AngularJS ",
       url = "https://angularjs.org/"
      
}

@misc{ wiki:xxx,
       author = "Wikipedia",
       title = "DevOps --- Wikipedia{,} La enciclopedia libre",
       year = "2015",
       url = "http://es.wikipedia.org/w/index.php?title=DevOps&oldid=82549358",
       note = "[Internet; descargado 2-junio-2015]"
}

@misc{ wiki:xxx,
   author = "Wikipedia",
   title = "Shippable --- Wikipedia{,} The Free Encyclopedia",
   year = "2014",
   url = "http://en.wikipedia.org/w/index.php?title=Shippable&oldid=637226960",
   note = "[Online; accessed 2-June-2015]"
 }
 
 @misc{ 
       author = "Karma",
       title = "Karma ",
       url = "http://karma-runner.github.io/0.12/index.html"
      
}

 @misc{ 
       author = "Jasmin",
       title = "Jasmin-Introduccion ",
       url = "http://jasmine.github.io/edge/introduction.html"
      
}

 @misc{ 
       author = "Javier Garz√°s",
       title = "Sprint 0",
       url = "http://www.javiergarzas.com/2013/07/el-sprint-cero-y-el-sprint-de-release.html"
      
}

