 @misc{ wiki:rest,
   author = "Wikipedia",
   title = "Representational state transfer --- Wikipedia{,} The Free Encyclopedia",
   year = "2015",
   url = "\url{https://en.wikipedia.org/w/index.php?title=Representational_state_transfer&oldid=681289038}",
   note = "[Online; accessed 19-September-2015]"
 }

@misc{ wiki:scrum,
       author = "Wikipedia",
       title = "Scrum --- Wikipedia{,} La enciclopedia libre",
       year = "2015",
       url = "\url{https://es.wikipedia.org/w/index.php?title=Scrum&oldid=85036921}",
       note = "[Internet; descargado 19-septiembre-2015]"
}

@misc{ wiki:mvc,
       author = "Wikipedia",
       title = "Modelo–vista–controlador --- Wikipedia{,} La enciclopedia libre",
       year = "2015",
       url = "\url{https://es.wikipedia.org/w/index.php?title=Modelo%E2%80%93vista%E2%80%93controlador&oldid=85182091}",
       note = "[Internet; descargado 19-septiembre-2015]"
}

@misc{ agil,
       author = "Intelligence to Business",
       title = "5 beneficios de aplicar metodologías ágiles, Intelligence to Business",
       year = "2015",
       url = "\url{http://www.i2btech.com/blog-i2b/tech-deployment/5-beneficios-de-aplicar-metodologias-agiles-en-el-desarrollo-de-software/}",
       note = "[Internet; descargado 19-septiembre-2015]"
}




@misc{ plantUML,
       title = "PlantUML",
       year = "2015",
       url = "\url{http://plantuml.com/}"
}


@misc{ wiki:xxx,
       author = "Wikipedia",
       title = "Carpeta de Salud --- Wikipedia{,} La enciclopedia libre",
       year = "2015",
       url = "http://es.wikipedia.org/w/index.php?title=Carpeta_de_Salud&oldid=82184105",
       note = "{Internet; descargado 9-mayo-2015}"
}

@misc{ healthvault,
       author = "Microsoft",
       title = "HealthVault",
       year = "2015",
       url = "https://www.healthvault.com/ar/es",
       note = "{Internet; descargado 9-mayo-2015}"
}
@misc{ hospitalitaliano,
       author = "Hospital Italiano de Bs As",
       title = "Historia Clínica Electrónica",
       year = "2007",
       url = "https://www.hospitalitaliano.org.ar",
}
@misc{ openhealth,
       author = "Open Health",
       title = "Plataforma libre para el desarrollo de sistemas de salud",
       year = "2015",
       url = "http://www.openehr.org/",
}
@misc{ wiki:xxxy,
       author = "Wikipedia",
       title = "Historia médica",
       year = "2015",
       url = "https://en.wikipedia.org/wiki/Medical_history",
}
@misc{ wiki:xxxz,
       author = "Wikipedia",
       title = "Registro de salud electrónico",
       year = "2015",
       url = "https://en.wikipedia.org/wiki/Electronic_health_record",
}
@misc{ ley,
       author = "Ministerio de Salud",
       title = "Ley 26.529 (Texto reducido) - Derechos del Paciente en su relación con los Profesionales e Instituciones de la salud",
       year = "2009",
       url = "http://www.ms.gba.gov.ar/sitios/srpr/files/2014/09/Derecho-paciente-profesion.pdf",
}
@misc{ ley,
       author = "PMO",
       title = "Roles y Reuniones en la Metodología Scrum",
       year = "2010",
       url = "http://spanishpmo.com/index.php/roles-y-reuniones-en-la-metodologia-scrum/",
}

@misc{ HL7,
       author = "HL7",
       title = "Producto CCD --- HL7",
       year = "2010",
       url = "http://wiki.hl7.org/index.php?title=Product_CCD",
       note = "{Internet; descargado 10-julio-2015}"
}

@misc{ wiki:xxxa,
       author = "Wikipedia",
       title = "HL7 v3",
       year = "2015",
       url = "https://es.wikipedia.org/wiki/HL7_v3",
}

@misc{ wiki:xxxb,
       author = "Wikipedia",
       title = "CIE-10",
       year = "2015",
       url = "https://es.wikipedia.org/wiki/CIE-10",
}

@misc{ wiki:xxxd,
       author = "Wikipedia",
       title = "Código ATC",
       year = "2015",
       url = "https://es.wikipedia.org/wiki/C%C3%B3digo_ATC",
}

@misc{ wiki:xxxe,
       author = "Wikipedia",
       title = "Clinical Document Arqhitecture",
       year = "2015",
       url = "https://en.wikipedia.org/wiki/Clinical_Document_Architecture",
}

@misc{ wiki:xxxf,
       author = "Wikipedia",
       title = "Clasificación internacional de atención primaria",
       year = "2015",
       url = "https://es.wikipedia.org/wiki/Clasificaci%C3%B3n_Internacional_de_Atenci%C3%B3n_Primaria",
}

@misc{ wiki:xxxg,
       author = "Wikipedia",
       title = "Computerized physician order entry",
       year = "2015",
       url = "https://en.wikipedia.org/wiki/Computerized_physician_order_entry",
}

@misc{ wiki:xxxh,
       author = "Wikipedia",
       title = "Continuidad del Registro del Cuidado",
       year = "2015",
       url = "https://es.wikipedia.org/wiki/Continuidad_del_Registro_del_Cuidado",
}

@misc{ OpenEHR,
       author = "OpenEHR",
       title = "Modelo de referencia para la interoperabilidad y computabilidad de e-health",
       year = "2015",
       url = "http://www.openehr.org/what_is_openehr",
}